# Don't type all these out yourself if you can help it.  Lots of places
# (like NASA's ADS abstract service) provide preformatted BibTeX entries.



@ARTICLE{N0_2,
    author = {{Bubin}, S. and {Cafiero}, M. and {Adamowicz},L},
    journal = {Adv. Chem. Phys.},
    year = 2005,
    volume = 131,
    pages = {377},
}

@ARTICLE{N0_1,
    author = {{Cafiero}, M. and {Bubin}, S. and {Adamowicz},L},
    journal = {Phys. Chem. Chem. Phys.},
    year = 2003,
    volume = 5,
    pages = {1491},
}


@ARTICLE{articletwo,
    author = {{Author}, First. and {Author}, Second. and {Author}, Third},
    title = "{Some more random crap}",
    journal = {Random Journal},
    year = 2002,
    month = jul,
    volume = 675,
    pages = {1-20},
}

@INPROCEEDINGS{2004LPI,
    author = {{Party}, Hawai'i and {Party}, Arizona},
    title = "{What to do after the poster session}",
    booktitle = {Lunar and Planetary Science XXXV},
    year = 2004,
    month = mar,
    number = {\#9999},
    organization = {Lunar and Planetary Institute, Houston (CD-ROM)}
}

@ARTICLE{2003jgr,
    author = {{Dumb}, A. and {Dumber}, B.},
    title = "{New and improved, no page numbers to get in the way}",
    journal = {AGU Journal},
    year = 2003,
    volume = 100,
    number = {E99},
    doi = {10.1029/200300000000}
}
